
@misc{mwdumper,
    key={mwdumper},
    title = {{MWDumper}},
    url = {http://www.mediawiki.org/wiki/MWDumper},
    lastchecked = {September 1, 2009},
}

@misc{InnodbOpt,
    title = {Innodb Performance Optimization Basics},
    author = {Peter Zaitsev},
    url = {http://www.mysqlperformanceblog.com/2007/11/01/innodb-performance-optimization-basics/},
    year = 2007,
    lastchecked={November 3, 2009},
}

