
@article{Hardin1968,
  author	= {Garrett Hardin},
  title		= {The Tragedy of the Commons},
  month		= {Dec},
  year		= 1968,
  journal	= {Science},
  volume	= 162,
  number	= 3859,
  pages		= {1243--1248},
  note		= {\url{http://www.sciencemag.org/cgi/content/full/162/3859/1243}}
}

@misc{Gralla2007,
    author = {Preston Gralla},
    title = {{U.S.} senator: It's time to ban {Wikipedia} in
        schools, libraries},
    howpublished = "\url{http://blogs.computerworld.com/4598/                   u_s_senator_its_time_to_ban_wikipedia_in_schools_libraries}",
   note = "[Online; accessed 15-Nov-2010]"
}
#also:
#    journal = {ComputerWorld},
#    month = {Feb.\ 14},
#    year = 2007,

@article{Olanoff2007,
    author = {Lynn Olanoff},
    title = {School officials unite in banning {Wikipedia}},
    journal = {The Seattle Times},
    month = {Nov.\ 21},
    year = 2007,
}

@misc{wiki:Nupedia,
   author = "Wikipedia",
   title = "Nupedia --- {W}ikipedia{,} The Free Encyclopedia",
   year = "2008",
   url = "http://en.wikipedia.org/wiki/Nupedia",
   note = "[Online; accessed 21-Feb-2011]",
}

@misc{wiki:Information-free,
  author = "Wikipedia",
  title = "Information wants to be free --- {W}ikipedia{,} The Free Encyclopedia",
  year = "2008",
  url = "http://en.wikipedia.org/wiki/Information_wants_to_be_free",
  note = "[Online; accessed 21-Feb-2011]",
}
@article{BBC2007,
  author = "BBC Staff",
  title = "Fake Professor in {Wikipedia} Storm",
  journal = "BBC News", 
  month = "Mar.\ 6,",
  year = 2007
}

@article{Hickman2006,
  author = "Martin Hickman and Genevieve Roberts",
  title = "{Wikipedia} --- Separating Fact from Fiction",
  journal = "The New Zealand Herald",
  month = "Feb.\ 13", 
  year = 2006
}

@article{Lucassen2011,
  author = {Teun Lucassen and Jan Maarten Schraagen},
  title = {Evaluating {W}iki{T}rust: A trust support tool for {W}ikipedia},
  journal = {First Monday},
  volume = 16,
  number = 5,
  month = "May",
  year = 2011,
  url = "\url{http://http://firstmonday.org/htbin/cgiwrap/bin/ojs/index.php/fm/article/view/3070/2952}",
}

