@inproceedings{Fong2010,
  author = {Peter Kin-Fong Fong and Robert P. Biuk-Aghai},
  title = {What Did They Do?  Deriving High-Level Edit Histories
	in Wikis},
  booktitle = "{WikiSym} 2010: International Symposium on Wikis",
  publisher = "{ACM} Press",
  year = 2010
}

@inproceedings{Sabel2007,
  author = {Mikalai Sabel},
  title = {Structuring Wiki Revision History},
  booktitle = "{WikiSym} 2007: International Symposium on Wikis",
  publisher = "{ACM} Press",
  year = 2007
}

