@article{Kleinberg1999,
    author = "Jon .M. Kleinberg",
    title = "Authoritative Sources in a Hyperlinked Environment",
    journal = {Journal of the ACM},
    volume = 46, number = 5, 
    pages = {604--632},
    year = 1999
}

@techreport{Page1999,
    number = {1999-66},
    month = {November},
    note = {Previous number = SIDL-WP-1999-0120},
    author = {Lawrence Page and Sergey Brin and Rajeev Motwani and Terry Winograd},
    title = "The {PageRank} Citation Ranking: Bringing Order to the Web",
    institution = "Stanford InfoLab",
    publisher = "Stanford InfoLab",
    year = 1999,
    url = {http://ilpubs.stanford.edu:8090/422/}
}

@inproceedings{Blaze1996,
    author = "Matt Blaze and Joan Feigenbaum and Jack Lacy",
    title = "Decentralized Trust Management",
    booktitle = "Proceedings of the 1996 {IEEE} Symposium on Security and Privacy",
    series = {SP '96},
    pages = "164--173",
    year = 1996,
    publisher = {{IEEE} Computer Society},
}

@book{Cover1991,
    author = "Thomas M. Cover and Joy A. Thomas",
    title = "Elements of Information Theory",
    publisher = "J. Wiley \& Sons",
    year = 1991
}
@phdthesis{Golbeck2005,
    author = "Jennifer Ann Golbeck",
    title = "Computing and Applying Trust in Web-Based Social Networks",
    school = "University of Maryland",
    year = 2005,
}

@inproceedings{Guha2004,
    author = "R. Guha and Ravi Kumar and Prabhakar Raghavan
	    and Andrew Tomkins",
    title = "Propagation of Trust and Distrust",
    booktitle = "Proceedings of the 13th International Conference on {World} {Wide} {Web}",
    series = {WWW '04},
    pages = "403--412", 
    publisher = "{ACM}",
    year = 2004
}

@inproceedings{Kamvar2003,
    author = "Sepandar D. Kamvar and Mario T. Schlosser
	and Hector Garcia-Molina",
    title = "The Eigentrust Algorithm for Reputation Management in {P2P} Networks",
    booktitle = "Proceedings of the 12th International Conference on {World} {Wide} {Web}",
    series = {WWW '03},
    publisher = "{ACM}",
    pages = "640--651",
    year = 2003,
}

