@article{Giles2005,
  author = {Jim Giles},
  title = {Internet encyclopedias go head to head},
  journal = {Nature},
  pages = {900--901},
  volume = 438,
  issue = 7070,
  day = 15,
  mon = dec,
  year = 2005,
}

@inproceedings{Adler2008a,
  author ={B. Thomas Adler and Luca de Alfaro and Ian Pye
      and Vishwanath Raman},
  title = {Measuring Author Contributions to the Wikipedia},
  booktitle = {Proceedings of the 4th International Symposium on Wikis},
  series = {WikiSym 2008},
  publisher = "{ACM} Press",
  year = 2008,
}

