@book{Gunning1952,
    author = {Robert Gunning},
    title = {The Technique of Clear Writing},
    publisher = {McGraw-Hill International Book Co.},
    address = {New York, NY},
    year = 1952,
}

@article{Flesch1948,
	author = {Rudolph F. Flesch},
	title		= {A New Readability Yardstick},
	year		= {1948},
	pages = {221--233},
	volume = 32,
	journal	= {Journal of Applied Psychology},
}

@article{Cormode2007,
 author = {Graham Cormode and S. Muthukrishnan},
 title = {The String Edit Distance Matching Problem with Moves},
 journal = {ACM Transactions on Algorithms},
 volume = {3},
 number = {1},
 month = {February},
 year = {2007},
 issn = {1549-6325},
 pages = {2:1--2:19},
 publisher = {ACM},
 address = {New York, NY, USA},
 }
