@string{lncs = "Lect. Notes in Comp. Sci."}

@article{Durova2007,
  author	= {D3str0y},
  title		= {{D}urova's {S}ekret {E}vidence},
  month		= {November},
  year		= {2007},
  journal	= {Wikitruth},
  note		= {\url{http://www.wikitruth.info/index.php?title=Durova's_Sekret_Evidence}}
}

@article{Erroneous2007,
  author	= {{erroneous (158367)}},
  title		= {{T}uned for {S}ubject {M}atter},
  month		= {August},
  year		= {2007},
  journal	= {Slashdot},
  note		= {\url{http://it.slashdot.org/comments.pl?sid=284711&mode=thread&cid=20422961}}
}


@article{Stross2006,
  author	= {Randall Stross},
  title		= {{A}nonymous {S}ource {I}s {N}ot the {S}ame as {O}pen {S}ource},
  month		= {March},
  year		= {2006},
  journal	= {New York Times},
  note		= {\url{http://www.nytimes.com/2006/03/12/business/yourmoney/12digi.html}}
}

@misc{wiki:RCPatrol,
   author = "Wikipedia",
   title = "Wikipedia: Recent changes patrol --- {W}ikipedia{,} The Free Encyclopedia",
   year = "2008",
   note = "\url{http://en.wikipedia.org/w/index.php?title=Wikipedia:Recent_changes_patrol&oldid=182030456}",
   url = "http://en.wikipedia.org/wiki/Wikipedia:Recent_changes_patrol",
   note = "[Online; accessed 21-Feb-2011]",
}

@misc{GoogleNGram2006,
	author = {Thorsten Brants and Alex Franz},
	title = {Web {1T} 5-gram {V}ersion 1},
	year = 2006,
	month = {September},
	note = {Linguistic Data Consortium, Philadelphia}
}

@article{Benkler2002,
    author	= {Yochai Benkler},
    title	= {{C}oase's {P}enguin,
    		  or {L}inux, and {T}he {N}ature of the {F}irm},
    month	= {December},
    year	= {2002},
    journal	= {Yale Law Journal},
    volume = {112},
    number = {3},
}

@misc{wiki:Denmark-Fogh,
   author = "Wikipedia",
   title = "Politics of Denmark --- {W}ikipedia{,} The Free Encyclopedia",
   month = {September},
   year = "2006",
   note = "\url{http://en.wikipedia.org/w/index.php?title=Politics_of_Denmark&oldid=77625823}",
}
@misc{wiki:Denmark-Fjogh,
   author = "Wikipedia",
   title = "Politics of Denmark --- {W}ikipedia{,} The Free Encyclopedia",
   month = {September},
   year = "2006",
   note = {\url{http://en.wikipedia.org/w/index.php?title=Politics_of_Denmark&oldid=77692452}}
}

@article{NewYorkTimes05a,
	author = "K.Q. Seelye",
	title = "Snared in the Web of a {Wikipedia} Liar",
	journal = "The New York Times",
	month = "Dec.~4,",
	year = 2005
	}
@article{NewYorkTimes05b,
	author = "K.Q. Seelye",
	title = "A Little Sleuthing Unmasks Writer of {Wikipedia} Prank",
	journal = "The New York Times",
	month = "Dec.~11,",
	year = 2005
	}

@article{NPR08,
	author = "Y. Noguchi",
	title = "Palin's Wikipedia Entry Gets Overhaul",
	journal = "All Things Considered",
	month = "Aug.~29,",
	year = 2008
	}

@misc{Wired07,
	author = "J. Borland",
	title = "See Who's Editing {Wikipedia} ---
		{Diebold}, the {CIA}, a Campaign",
	month = {August},
	year = {2007},
	note = {\url{http://www.wired.com/politics/onlinerights/news/2007/08/wiki_tracker}}
}

@inproceedings{Emigh05b,
	author = "W. Emigh and S. Herring",
	title = "Collaborative Authoring on the {Web}:
		A Genre Analysis of Online Encyclopedias",
	booktitle = "Proc.\ of HICSS",
	year = 2005,
	pages = {99a},
	volume = 4
	}

@article{HMS02,
	author = {M.R. Henzinger and R. Motwani and C. Silverstein},
	title = {Challenges in web search engines},
	journal = {ACM SIGIR Forum},
	volume = 36,
	pages = {11--22},
	year = 2002
	}

@article{MSI02,
	author = {R. Milo and S. Shen-Orr and S. Itzkovitz
		and N. Kashtan and D. Chklovskii and U. Alon},
	title = {Network Motifs: Simple Building Blocks of Complex Networks},
	journal = {Science},
	volume = 298,
	number = 5594,
	pages = {824--827},
	year = 2002
	}

@article{Seigenthaler05,
	author = {Seigenthaler, Sr., J.},
	title		= {A false Wikipedia `biography'},
	month		= {Nov.~29},
	year		= {2005},
	journal	= {USA Today},
}

@article{Wikiscanner07,
	author = {V. Griffith},
	title = {WikiScanner: List anonymous wikipedia edits from interesting organizations},
	note = {\url{http://wikiscanner.virgil.gr/}}
}

@Misc{WikiTravelAuthorship,
	author = {E. Prodromou},
	howpublished      = 	 {personal communication},
	year = 2007
}

@inproceedings{AuthorContrib2008,
        author = {B. Adler and L. de Alfaro and I. Pye and V. Raman},
        title = {Measuring Author Contributions to the {Wikipedia}},
        booktitle = "WikiSym 2008: Proc.\ of Intl. Symp.\ on Wikis",
        publisher = "{ACM} Press",
        year = 2008
        }


@book{Nelson81,
	author = {T. Nelson},
	title = {Literary Machines},
	publisher = {Mindful Press},
	year = 1981,
}

