@article{Weka09,
   author = { M. Hall and E. Frank and G. Holmes
	and B. Pfahringer and P. Reutemann and I.H. Witten},
   year = 2009,
   title = {The {WEKA} Data Mining Software: An Update},
   journal ={SIGKDD Explorations},
   volume = 11,
   number = 1,
}

@inproceedings{www07,
	author = "B.T. Adler and L. de~Alfaro",
	title = "A Content-Driven Reputation System for the {{Wikipedia}}",
	booktitle = "Proc. of the 16th Intl. World Wide Web Conf. (WWW 2007)",
	publisher = "{ACM} Press",
	year = 2007
}

@techreport{Pye09,
   author = {I. Pye and L. de~Alfaro},
   title = {Measuring Contributions to Email-Based Discussion Groups},
   journal = {UC Santa Cruz Technical Report},
   number= {UCSC-SOE-09-35},
   year = {2009},
   institution = {UC Santa Cruz},
}

@inproceedings{Potthast2010,
    author = {Martin Potthast},
    title = {Crowdsourcing a {Wikipedia} Vandalism Corpus},
    booktitle = {Proc. of the 33rd Intl. ACM SIGIR Conf. (SIGIR 2010)},
    publisher = {{ACM} Press},
    month = {Jul},
    year = 2010,
}

@misc{wiki:vandalism,
   key = {Wikipedia},
   title = {{Wikipedia}: Vandalism},
   year = 2010,
   url = "http://en.wikipedia.org/wiki/Wikipedia:Vandalism",
   note = "[Online; accessed 23-Oct-2010]",
   annote = {Definition of vandalism.  Sugg by PAN2010.},
 }

@misc{wiki:vandalism-portal,
   key = {Wikipedia},
   title = {{Wikipedia}: Cleaning up vandalism},
   year = 2010,
   url = "http://en.wikipedia.org/wiki/Wikipedia:Cleaning_up_vandalism",
   note = "[Online; accessed 23-Oct-2010]",
   annote = {Portal for vandalism fighters.  Sugg by PAN2010.},
 }

@misc{wiki:10,
   key = {Wikipedia},
   title = {{Wikipedia}: Version 1.0 Editorial Team},
   year = 2010,
   url = "http://en.wikipedia.org/wiki/Wikipedia:1",
   note = "[Online; accessed 15-July-2010]",
 }

@misc{ wiki:vandal,
   key = {WikiProject Vandalism studies},
   title = {WikiProject Vandalism Study \#1},
   year = 2006,
   url = "http://en.wikipedia.org/wiki/Wikipedia:WikiProject_Vandalism_studies/Study1",
   note = "[Online; accessed 15-July-2010]",
 }

@misc{ wiki:flagged,
   key = {{Wikipedia} Flagged Revisions},
   title = {Wikipedia:Flagged Revisions},
   year = 2010,
   url = "http://en.wikipedia.org/wiki/Wikipedia:FLAGGED",
   note = "[Online; accessed 15-July-2010]",
 }

@article{fawcett2004roc,
  title={{ROC graphs: Notes and practical considerations for researchers}},
  author={Fawcett, T.},
  journal={Machine Learning},
  volume={31},
  pages={1--38},
  year={2004},
  publisher={Citeseer}
}
@inproceedings{West2010,
  author = "Andrew G. West and Sampath Kannan and Insup Lee",
  title = "Detecting {Wikipedia} Vandalism via Spatio-Temporal Analysis
           of Revision Metadata",
  booktitle = "{EUROSEC'10:} Proceedings of the Third European Workshop 
            on System Security",
  pages = "22--28", year = 2010
}
@inproceedings{Itakura09,
  author = "Kelly Y. Itakura and Charles L. A. Clarke",
  title = "Using Dynamic {Markov} Compression to Detect Vandalism in the
           {Wikipedia}",
  booktitle = "{SIGIR'09}: Proceedings of the 32nd International {ACM} {SIGIR}
               Conference on Research and Development in Information Retrieval",
  pages = "822--823",
  publisher = "{ACM} Press",
  year = 2009
}

@inproceedings{Chin2010,
  author = "Si-Chi Chin and W. Nick Street and Padmini Srinivasan and David Eichmann",
  title = "Detecting {Wikipedia} Vandalism with Active Learning and
           Statistical Language Models",
  booktitle = "{WICOW '10}: Proceedings of the Fourth Workshop on Information Credibility on the Web",
  year = 2010,
  month = {Apr},
}

@inproceedings{Geiger2010,
  author = "R. Stuart Geiger and David Ribes",
  title = {The Work of Sustaining Order in {Wikipedia}: The Banning
	    of a Vandal},
  booktitle = "{CSCW '10}: Proceedings of the ACM Conference on Computer Supported Cooperative Work",
  pages = {117--126},
  year = 2010,
  month = {Apr},
  publisher = {ACM},
}

@inproceedings{Pott08,
  author = "Martin Potthast and Benno Stein and Robert Gerling",
  title = "Automatic Vandalism Detection in {Wikipedia}",
  booktitle = "{ECIR'08}: Proceedings of the 30th European Conference on
               IR Research", 
  publisher = "Springer-Verlag",
  series = "LNCS",
  volume = 4956,
  pages = "663--668",
  year = 2008
}

@inproceedings{Priedhorsky07,
  author = {Reid Priedhorsky and Jilin Chen and Shyong K. Lam
	    and Katherine Panciera and Loren Terveen and
		John Riedl},
  title = {Creating, Destroying, and Restoring Value in {Wikipedia}},
  booktitle = {{Group'07}: Proceedings of the International Conference
		on Supporting Group Work},
  year = 2007,
}


@inproceedings{Smets08,
  author = "Koen Smets and Bart Goethals and Brigitte Verdonk",
  title = "Automatic Vandalism Detection in {Wikipedia}: 
          Towards a Machine Learning Approach",
  booktitle = "{WikiAI'08}: Proceedings of the Workshop on {Wikipedia}
              and Artificial Intelligence: An Evolving Synergy", 
  pages = "43--48",
  publisher = "{AAAI} Press", 
  year = 2008,
}
@inproceedings{Druck08,
  author = {G. Druck and G. Miklau and A. McCallum},
  title = {Learning to Predict the Quality of Contributions to Wikipedia},
  booktitle = "{WikiAI'08}: Proceedings of the Workshop on {Wikipedia}
              and Artificial Intelligence: An Evolving Synergy", 
  pages = "7--12",
  publisher = "{AAAI} Press",
  year = 2008
 }

@inproceedings{WikiTrust08,
  author = "B.T. Adler and K. Chatterjee and L. de Alfaro and
            M. Faella and I. Pye and V. Raman",
  title = "Assigning Trust to {Wikipedia} Content",
  booktitle = "{WikiSym} 2008: International Symposium on Wikis",
  publisher = "{ACM} Press",
  year = 2008
}

@inproceedings{AISec08,
  author = "K. Chatterjee and L. de Alfaro and I. Pye",
  title = "Robust Content-Driven Reputation",
  booktitle = "Proceedings of {AISec} 08: First {ACM} Workshop of {AISec}",
  publisher = "{ACM} Press",
  year = 2008
}


