@string{lncs = "Lect. Notes in Comp. Sci."}
@TechReport{2002:NIST,
    author = "Research Triangle Institute",
    title = {The Economic Impacts of Inadequate Infrastructure for Software Testing},
    type = {Planning Report},
    month = {June},
    year = 2002,
    institution = {National Institute of Standards and Technology},
    number = {02-3}
}

@InProceedings{Klauck2001,
  author    = {H. Klauck},
  title     = {Algorithms for Parity Games.},
  booktitle = {Automata, Logics, and Infinite Games},
  year      = {2001},
  pages     = {107-129},
  ee        = {http://link.springer.de/link/service/series/0558/bibs/2500/25000107.htm},
  bibsource = {DBLP, http://dblp.uni-trier.de},
  publisher = {Springer},
  series    = LNCS,
  volume    = {2500},
}

